%% bibliography %%

@Article{ramesh2022dalle,
  author       = "Aditya Ramesh and Prafulla Dhariwal and Alex Nichol
                 and Casey Chu and Mark Chen",
  title        = "Hierarchical Text-Conditional Image Generation with
                 {CLIP} Latents",
  journal      = "CoRR",
  volume       = "abs/2204.06125",
  year         = "2022",
  URL          = "https://doi.org/10.48550/arXiv.2204.06125",
  DOI          = "10.48550/arXiv.2204.06125",
  eprinttype   = "arXiv",
  eprint       = "2204.06125",
}

@InProceedings{henderson2018deep,
  author       = "Peter Henderson and Riashat Islam and Philip Bachman
                 and Joelle Pineau and Doina Precup and David Meger",
  editor       = "Sheila A. McIlraith and Kilian Q. Weinberger",
  title        = "Deep Reinforcement Learning That Matters",
  booktitle    = "Proceedings of the Thirty-Second {AAAI} Conference on
                 Artificial Intelligence, {(AAAI-18)}, New Orleans,
                 Louisiana, {USA}, February 2-7, 2018",
  pages        = "3207--3214",
  publisher    = "{AAAI} Press",
  year         = "2018",
}
